%مراجع خود را در این قسمت وارد کنید.
% دستوری برای کوچک کردن اندازه فونت‌ها 
%یک مثال را در زیر می‌بینید.
@misc{donnarumma2018artificial,
  title={Is artificial intelligence set to become arts next medium},
  author={Donnarumma, M},
  year={2018}
}
@article{hee2014attributes,
  title={Attributes of background music and consumers’ responses to TV commercials: The moderating effect of consumer involvement},
  author={Hee Park, Hyun and Kwan Park, Jai and Ok Jeon, Jung},
  journal={International Journal of Advertising},
  volume={33},
  number={4},
  pages={767--784},
  year={2014},
  publisher={Taylor \& Francis}
}
@article{hoeberichts2012music,
  title={Music and advertising: The effect of music in television commercials on consumer attitudes},
  author={Hoeberichts, Nina},
  journal={Bachelor Thesis},
  year={2012}
}
@article{pavlovic2011effect,
  title={The effect of music background on the emotional appraisal of film sequences},
  author={Pavlovi{\'c}, Ivanka and Markovi{\'c}, Slobodan},
  journal={Psihologija},
  volume={44},
  number={1},
  pages={71--91},
  year={2011}
}
@article{costabile2013effects,
  title={Effects of film music on psychological transportation and narrative persuasion},
  author={Costabile, Kristi A and Terman, Amanda W},
  journal={Basic and Applied Social Psychology},
  volume={35},
  number={3},
  pages={316--324},
  year={2013},
  publisher={Taylor \& Francis}
}
@article{li2012effects,
  title={Effects of music therapy on anxiety of patients with breast cancer after radical mastectomy: a randomized clinical trial},
  author={Li, Xiao-Mei and Zhou, Kai-Na and Yan, Hong and Wang, Duo-Lao and Zhang, Yin-Ping},
  journal={Journal of advanced nursing},
  volume={68},
  number={5},
  pages={1145--1155},
  year={2012},
  publisher={Wiley Online Library}
}
@article{yamashita2019effects,
  title={The effects of music listening during extraction of the impacted mandibular third molar on the autonomic nervous system and psychological state},
  author={Yamashita, Kaoru and Kibe, Toshiro and Ohno, Sachi and Kohjitani, Atsushi and Sugimura, Mitsutaka},
  journal={Journal of Oral and Maxillofacial Surgery},
  volume={77},
  number={6},
  pages={1153--e1},
  year={2019},
  publisher={Elsevier}
}
@article{pothoulaki2008investigation,
  title={An investigation of the effects of music on anxiety and pain perception in patients undergoing haemodialysis treatment},
  author={Pothoulaki, MacDonald and Macdonald, Raymond AR and Flowers, Paul and Stamataki, E and Filiopoulos, V and Stamatiadis, D and Stathakis, Ch P},
  journal={Journal of Health Psychology},
  volume={13},
  number={7},
  pages={912--920},
  year={2008},
  publisher={Sage Publications Sage UK: London, England}
}
@inproceedings{ongsulee2017artificial,
  title={Artificial intelligence, machine learning and deep learning},
  author={Ongsulee, Pariwat},
  booktitle={2017 15th International Conference on ICT and Knowledge Engineering (ICT\&KE)},
  pages={1--6},
  year={2017},
  organization={IEEE}
}
@article{hewahi2019generation,
  title={Generation of music pieces using machine learning: long short-term memory neural networks approach},
  author={Hewahi, Nabil and AlSaigal, Salman and AlJanahi, Sulaiman},
  journal={Arab Journal of Basic and Applied Sciences},
  volume={26},
  number={1},
  pages={397--413},
  year={2019},
  publisher={Taylor \& Francis}
}
@article{agarwala2017music,
  title={Music composition using recurrent neural networks},
  author={Agarwala, Nipun and Inoue, Yuki and Sly, Axel},
  journal={CS 224n: Natural Language Processing with Deep Learning, Spring},
  volume={1},
  pages={1--10},
  year={2017}
}

@article{siedliecki2006effect,
  title={Effect of music on power, pain, depression and disability},
  author={Siedliecki, Sandra L and Good, Marion},
  journal={Journal of advanced nursing},
  volume={54},
  number={5},
  pages={553--562},
  year={2006},
  publisher={Wiley Online Library}
}

@article{roballey1985effect,
  title={The effect of music on eating behavior},
  author={Roballey, Thomas C and McGreevy, Colleen and Rongo, Richard R and Schwantes, Michelle L and Steger, Peter J and Wininger, Marie A and Gardner, Elizabeth B},
  journal={Bulletin of the Psychonomic Society},
  volume={23},
  number={3},
  pages={221--222},
  year={1985},
  publisher={Springer}
}

@article{lesiuk2005effect,
  title={The effect of music listening on work performance},
  author={Lesiuk, Teresa},
  journal={Psychology of music},
  volume={33},
  number={2},
  pages={173--191},
  year={2005},
  publisher={Sage Publications Sage CA: Thousand Oaks, CA}
}



@article{pelletier2004effect,
  title={The effect of music on decreasing arousal due to stress: A meta-analysis},
  author={Pelletier, Cori L},
  journal={Journal of music therapy},
  volume={41},
  number={3},
  pages={192--214},
  year={2004},
  publisher={Oxford University Press}
}
@article{anshel1978effect,
  title={Effect of music and rhythm on physical performance},
  author={Anshel, Mark H and Marisi, Dan Q},
  journal={Research Quarterly. American Alliance for Health, Physical Education and Recreation},
  volume={49},
  number={2},
  pages={109--113},
  year={1978},
  publisher={Taylor \& Francis}
}