%مراجع خود را در این قسمت وارد کنید.
% دستوری برای کوچک کردن اندازه فونت‌ها 
%یک مثال را در زیر می‌بینید.



@article{puri2017agriculture,
  title={Agriculture drones: A modern breakthrough in precision agriculture},
  author={Puri, Vikram and Nayyar, Anand and Raja, Linesh},
  journal={Journal of Statistics and Management Systems},
  volume={20},
  number={4},
  pages={507--518},
  year={2017},
  publisher={Taylor \& Francis}
}

@article{waltergesture,
  title={Gesture Controlled Drone},
  author={Walter, Ian and Khadr, Monette}
}

@article{hadri2018hand,
  title={Hand gestures for drone control using deep learning},
  author={Hadri, Soubhi},
  year={2018}
}

@article{zhu2018vision,
  title={Vision meets drones: A challenge},
  author={Zhu, Pengfei and Wen, Longyin and Bian, Xiao and Ling, Haibin and Hu, Qinghua},
  journal={arXiv preprint arXiv:1804.07437},
  year={2018}
}

@article{guvenc2018detection,
  title={Detection, tracking, and interdiction for amateur drones},
  author={Guvenc, Ismail and Koohifar, Farshad and Singh, Simran and Sichitiu, Mihail L and Matolak, David},
  journal={IEEE Communications Magazine},
  volume={56},
  number={4},
  pages={75--81},
  year={2018},
  publisher={IEEE}
}


@article{hassanalian2017classifications,
  title={Classifications, applications, and design challenges of drones: A review},
  author={Hassanalian, Mostafa and Abdelkefi, Abdessattar},
  journal={Progress in Aerospace sciences},
  volume={91},
  pages={99--131},
  year={2017},
  publisher={Elsevier}
}


@article{yoo2022motion,
  title={Motion estimation and hand gesture recognition-based human--UAV interaction approach in real time},
  author={Yoo, Minjeong and Na, Yuseung and Song, Hamin and Kim, Gamin and Yun, Junseong and Kim, Sangho and Moon, Changjoo and Jo, Kichun},
  journal={Sensors},
  volume={22},
  number={7},
  pages={2513},
  year={2022},
  publisher={MDPI}
}

@article{zhang2020mediapipe,
  title={Mediapipe hands: On-device real-time hand tracking},
  author={Zhang, Fan and Bazarevsky, Valentin and Vakunov, Andrey and Tkachenka, Andrei and Sung, George and Chang, Chuo-Ling and Grundmann, Matthias},
  journal={arXiv preprint arXiv:2006.10214},
  year={2020}
}

@article{clough2020role,
  title={The role of gesture in communication and cognition: Implications for understanding and treating neurogenic communication disorders},
  author={Clough, Sharice and Duff, Melissa C},
  journal={Frontiers in Human Neuroscience},
  volume={14},
  pages={323},
  year={2020},
  publisher={Frontiers Media SA}
}

@article{kang2016hands,
  title={From hands to minds: Gestures promote understanding},
  author={Kang, Seokmin and Tversky, Barbara},
  journal={Cognitive Research: Principles and Implications},
  volume={1},
  pages={1--15},
  year={2016},
  publisher={Springer}
}






